@book{kassambara2017practical,
  title={Practical guide to cluster analysis in R: Unsupervised machine learning},
  author={Kassambara, Alboukadel},
  volume={1},
  year={2017},
  publisher={Sthda}
}

@article{marvin2015creating,
  title={Creating diversified portfolios using cluster analysis},
  author={Marvin, Karina},
  journal={Princeton University},
  year={2015}
}

@article{bin2020k,
  title={K-means Stock Clustering Analysis Based on Historical Price Movements and Financial Ratios},
  author={Bin, Shu},
  year={2020}
}

@report{sp,
  title={Index Mathematics
Methodology},
  author={S&P},
  year={2023}
}


@inproceedings{xu2010clustering,
  title={Clustering with differential evolution particle swarm optimization},
  author={Xu, Rui and Xu, Jie and Wunsch, Donald C},
  booktitle={IEEE Congress on Evolutionary Computation},
  pages={1--8},
  year={2010},
  organization={IEEE}
}

@article{rousseeuw1987silhouettes,
  title={Silhouettes: a graphical aid to the interpretation and validation of cluster analysis},
  author={Rousseeuw, Peter J},
  journal={Journal of computational and applied mathematics},
  volume={20},
  pages={53--65},
  year={1987},
  publisher={Elsevier}
}

@article{@PGIM,
  title={Price momentum or information momentum},
  author={Lu S, Duo P, Ziyue Z},
  year={2021},
  publisher={PGIM Quantitative Solutions}
}

@article{asness2011momentum,
  title={Momentum in Japan: The exception that proves the rule},
  author={Asness, Clifford},
  journal={The Journal of Portfolio Management},
  volume={37},
  number={4},
  pages={67--75},
  year={2011},
  publisher={Institutional Investor Journals Umbrella}
}

@article{jegadeesh1993returns,
  title={Returns to buying winners and selling losers: Implications for stock market efficiency},
  author={Jegadeesh, Narasimhan and Titman, Sheridan},
  journal={The Journal of finance},
  volume={48},
  number={1},
  pages={65--91},
  year={1993},
  publisher={Wiley Online Library}
}